<?xml version="1.0" encoding="UTF-8"?><collection xmlns="http://www.loc.gov/MARC21/slim"><record><leader>00415nam--2200157-i-4500</leader><controlfield tag="001">000003881</controlfield><controlfield tag="002">20161230</controlfield><controlfield tag="005">20170225194933</controlfield><controlfield tag="008">060222s1000------------r-----000-0-eng-d</controlfield><datafield ind1=" " ind2=" " tag="100"><subfield code="a">Diacenko, P. E</subfield></datafield><datafield ind1=" " ind2=" " tag="245"><subfield code="a">Calitatea suprafetelor la prelucrarea metalelor prin aschiere</subfield></datafield><datafield ind1=" " ind2=" " tag="260"><subfield code="a">Bucuresti</subfield><subfield code="b">Ed.Tehnica</subfield><subfield code="c">1954</subfield></datafield><datafield ind1=" " ind2=" " tag="300"><subfield code="a">227 p</subfield></datafield><datafield ind1=" " ind2=" " tag="700"><subfield code="a">Iakobson, M. O</subfield></datafield><datafield ind1=" " ind2=" " tag="852"><subfield code="a">621.7</subfield></datafield><datafield ind1=" " ind2=" " tag="CAT"><subfield code="a">SYS</subfield><subfield code="c">20170225</subfield><subfield code="h">194933</subfield></datafield></record></collection>